<?xml version="1.0" encoding="UTF-8"?><collection xmlns="http://www.loc.gov/MARC21/slim"><record><leader>00384nam--2200133-i-4500</leader><controlfield tag="001">000032506</controlfield><controlfield tag="002">20161230</controlfield><controlfield tag="005">20161230201039</controlfield><controlfield tag="008">060222s1000------------r-----000-0-eng-d</controlfield><datafield ind1=" " ind2=" " tag="080"><subfield code="a">543</subfield></datafield><datafield ind1=" " ind2=" " tag="100"><subfield code="a">Mitranescu, Maria</subfield></datafield><datafield ind1=" " ind2=" " tag="245"><subfield code="a">Curs de chimie analitica cantitativa. partea ii-a. analiza gravimetrica</subfield></datafield><datafield ind1=" " ind2=" " tag="260"><subfield code="a">Timisoara, Ed.Inst.Politehnic, 1955, 341[-343]P.+ Erata</subfield></datafield><datafield ind1=" " ind2=" " tag="852"><subfield code="a">3882</subfield></datafield></record></collection>